@inproceedings{cortez,
  author       = {Cortez, Paulo and Morais, An{\'\i}bal},
  editor       = {Neves, J and Santos, M. F. and Machado, J.},
  title        = {A Data Mining Approach to Predict Forest Fires using Meteorological Data},
  booktitle    = {New Trends in Artificial Intelligence, Proceedings of the 13th EPIA 2007 - Portuguese Conference on Artificial Intelligence},
  location     = {Guimaraes, Portugal},
  pages        = {512-523},
  year			= {2007},
  organization  = {APPIA},
  address	= {Guimaraes, Portugal},
  note			= {Available at: \url{http://www.dsi.uminho.pt/~pcortez/fires.pdf}}
}

@article{massada2013wildfire,
  title={Wildfire ignition-distribution modelling: a comparative study in the Huron--Manistee National Forest, Michigan, USA},
  author={Massada, Avi Bar and Syphard, Alexandra D and Stewart, Susan I and Radeloff, Volker C},
  journal={International Journal of Wildland Fire},
  volume={22},
  number={2},
  pages={174--183},
  year={2013},
  publisher={CSIRO}
}

@article{li2004data,
  title={Data mining of cellular automata's transition rules},
  author={Li, Xia and Gar-On Yeh, Anthony},
  journal={International Journal of Geographical Information Science},
  volume={18},
  number={8},
  pages={723--744},
  year={2004},
  publisher={Taylor \& Francis}
}

@article{safi2013prediction,
  title={Prediction of forest fires using artificial neural networks},
  author={Safi, Youssef and Bouroumi, Abdelaziz},
  journal={Applied Mathematical Sciences},
  volume={7},
  number={6},
  pages={271--286},
  year={2013}
}

@article{malarz2002forest,
  title={Are forest fires predictable?},
  author={Malarz, K and Kaczanowska, S and Ku{\l}akowski, K},
  journal={International Journal of Modern Physics C},
  volume={13},
  number={08},
  pages={1017--1031},
  year={2002},
  publisher={World Scientific}
}

@article{preisler2013forest,
  title={Forest-Fire Models},
  author={Preisler, Haiganoush K and Ager, Alan A},
  journal={Encyclopedia of Environmetrics},
  year={2013},
  publisher={Wiley Online Library}
}

// State of arts
// 01 - Fire Risk Models

@article{brillinger2003risk,
  title={Risk assessment: a forest fire example},
  author={Brillinger, David R and Preisler, Haiganoush K and Benoit, John W},
  journal={Lecture Notes-Monograph Series},
  pages={177--196},
  year={2003},
  publisher={JSTOR}
}

@phdthesis{hernandez2010integrating,
  title={Integrating grouped and ungrouped data: the point process case},
  author={Hernandez-Magallanes, I},
  year={2010},
  school={PhD Dissertation, Statistics Department, University of California, Berkeley}
}

@inproceedings{van1987development,
  title={Development and Structure of the Canadian Forest FireWeather Index System},
  author={Van Wagner, CE},
  booktitle={Can. For. Serv., Forestry Tech. Rep},
  year={1987},
  organization={Citeseer}
}
@techreport{burgan19881988,
  title={1988 revisions to the 1978 national fire-danger rating system},
  author={Burgan, Robert E},
  year={1988},
  institution={US Department of Agriculture, Forest Service, Southeastern Forest Experiment Station}
}

@article{Andrews-2003,
doi	= {10.1071/WF02059},
title	= {Evaluation of fire danger rating indexes using logistic regression and percentile analysis},
author	= {Andrews, Patricia L.; Loftsgaarden, Don O.; Bradshaw, Larry S.},
publisher	= {Commonwealth Scientific and Industrial Research Organisation Publishing},
journal	= {International Journal of Wildland Fire},
issnp	= {1049-8001},
year	= {2003},
volume	= {12},
issue	= {2},
page	= {213--},
url =       {http://gen.lib.rus.ec/scimag/index.php?s=10.1071/WF02059},
}

@article{preisler2004probability,
  title={Probability based models for estimation of wildfire risk},
  author={Preisler, Haiganoush K and Brillinger, David R and Burgan, Robert E and Benoit, JW},
  journal={International Journal of wildland fire},
  volume={13},
  number={2},
  pages={133--142},
  year={2004},
  publisher={CSIRO}
}

@article{ramesh2005semi,
  title={Semi-parametric analysis of extreme forest fires},
  author={Ramesh, NI and others},
  journal={Forest Biometry Modelling and Information Science},
  volume={1},
  pages={1--10},
  year={2005},
  publisher={The FBMIS Group, University of Greenwich}
}

@article{holmes2008statistical,
  title={Statistical analysis of large wildfires},
  author={Holmes, Thomas P and Huggett Jr, Robert J and Westerling, Anthony L},
  journal={The Economics of Forest Disturbances},
  volume={79},
  pages={59--77},
  year={2008},
  publisher={Springer}
}

@article{braun2010forest,
  title={Forest fire risk assessment: an illustrative example from Ontario, Canada},
  author={Braun, W John and Jones, Bruce L and Lee, Jonathan SW and Woolford, Douglas G and Wotton, B Mike},
  journal={Journal of Probability and Statistics},
  volume={2010},
  year={2010},
  publisher={Hindawi Publishing Corporation}
}

@article{finney2011method,
  title={A method for ensemble wildland fire simulation},
  author={Finney, Mark A and Grenfell, Isaac C and McHugh, Charles W and Seli, Robert C and Trethewey, Diane and Stratton, Richard D and Brittain, Stuart},
  journal={Environmental Modeling \& Assessment},
  volume={16},
  number={2},
  pages={153--167},
  year={2011},
  publisher={Springer}
}

@article{finney2009modeling,
  title={Modeling containment of large wildfires using generalized linear mixed-model analysis},
  author={Finney, Mark and Grenfell, Isaac C and McHugh, Charles W},
  journal={Forest Science},
  volume={55},
  number={3},
  pages={249--255},
  year={2009},
  publisher={Society of American Foresters}
}

@article{ager2007modeling,
  title={Modeling wildfire risk to northern spotted owl (Strix occidentalis caurina) habitat in Central Oregon, USA},
  author={Ager, Alan A and Finney, Mark A and Kerns, Becky K and Maffei, Helen},
  journal={Forest Ecology and Management},
  volume={246},
  number={1},
  pages={45--56},
  year={2007},
  publisher={Elsevier}
}

@article{calkin2011comparative,
  title={A comparative risk assessment framework for wildland fire management: the 2010 cohesive strategy science report},
  author={Calkin, David E and Ager, Alan A and Thompson, Matthew P and Finney, Mark A and Lee, Danny C and Quigley, Thomas M and McHugh, Charles W and Riley, Karin L and Gilbertson-Day, Julie M},
  year={2011}
}

@article{ager2012analyzing,
  title={Analyzing wildfire exposure and source--sink relationships on a fire prone forest landscape},
  author={Ager, Alan A and Vaillant, Nicole M and Finney, Mark A and Preisler, Haiganoush K},
  journal={Forest Ecology and Management},
  volume={267},
  pages={271--283},
  year={2012},
  publisher={Elsevier}
}

@article{brillinger2009probabilistic,
  title={Probabilistic risk modeling at the wildland urban interface: the 2003 Cedar Fire},
  author={Brillinger, DR and Autrey, BS and Cattaneo, MD},
  journal={Environmetrics},
  volume={20},
  number={6},
  pages={607--620},
  year={2009},
  publisher={Wiley Online Library}
}

// 02 Fire Spread Models
@article{finney2006overview,
  title={An overview of FlamMap fire modeling capabilities},
  author={Finney, Mark A},
  year={2006}
}

@article{ager2011application,
  title={Application of fire behavior models and geographic information systems for wildfire risk assessment and fuel management planning},
  author={Ager, AA and Vaillant, N and Finney, MA},
  journal={Journal of Combustion},
  volume={572452},
  year={2011}
}

@article{sullivan2007review,
  title={A review of wildland fire spread modelling, 1990-present, 1: Physical and quasi-physical models},
  author={Sullivan, AL},
  journal={arXiv preprint arXiv:0706.3074},
  year={2007}
}

@article{sullivan2007review,
  title={A review of wildland fire spread modelling, 1990-present 2: Empirical and quasi-empirical models},
  author={Sullivan, AL},
  journal={arXiv preprint arXiv:0706.4128},
  year={2007}
}

@article{sullivan2009wildland,
  title={Wildland surface fire spread modelling, 1990--2007. 3: Simulation and mathematical analogue models},
  author={Sullivan, Andrew L},
  journal={International Journal of Wildland Fire},
  volume={18},
  number={4},
  pages={387--403},
  year={2009},
  publisher={CSIRO}
}

@article{malamud1998forest,
  title={Forest fires: an example of self-organized critical behavior},
  author={Malamud, Bruce D and Morein, Gleb and Turcotte, Donald L},
  journal={Science},
  volume={281},
  number={5384},
  pages={1840--1842},
  year={1998},
  publisher={American Association for the Advancement of Science}
}

@article{richards1995general,
  title={A general mathematical framework for modeling two-dimensional wildland fire spread},
  author={Richards, Gwynfor D},
  journal={International Journal of Wildland Fire},
  volume={5},
  number={2},
  pages={63--72},
  year={1995},
  publisher={CSIRO}
}

@article{rothermel1972mathematical,
  title={A mathematical model for predicting fire spread in wildland fuels},
  author={Rothermel, Richard C},
  year={1972},
  publisher={USFS}
}

@article{albini1976estimating,
  title={Estimating wildfire behavior and effects},
  author={Albini, Frank A},
  year={1976}
}

@article{van1988effect,
  title={Effect of slope on fires spreading downhill},
  author={Van Wagner, CE and others},
  journal={Can. J. For. Res},
  volume={18},
  number={6},
  pages={818--820},
  year={1988}
}

@article{butler2007influence,
  title={Influence of slope on fire spread rate},
  author={Butler, BW and Anderson, WR and Catchpole, EA},
  year={2007}
}

@article{albini1979spot,
  title={Spot fire distance from burning trees},
  author={Albini, Frank A},
  year={1979},
  publisher={Intermountain Forest and Range Experiment Station}
}

@article{anderson1983predicting,
  title={Predicting Wind-driven Wildland Fire Size and Shape},
  author={Anderson, Hal E},
  year={1983},
  publisher={U.S. Dept. of Agriculture, Forest Service, Intermountain Forest and Range Experiment Station}
}

@article{rothermel1991predicting,
  title={Predicting behavior and size of crown fires in the Northern Rocky Mountains},
  author={Rothermel, Richard C},
  year={1991}
}

@article{burgan1984behave,
  title={BEHAVE: fire behavior prediction and fuel modeling system--FUEL subsystem},
  author={Burgan, Robert E and Rothermel, Richard C},
  year={1984}
}

@article{andrews1986behave,
  title={BEHAVE: fire behavior prediction and fuel modeling system-BURN subsystem, Part 1},
  author={Andrews, Patricia L},
  year={1986}
}

@article{scott2001assessing,
  title={Assessing crown fire potential by linking models of surface and crown fire behavior},
  author={Scott, Joe H and Reinhardt, Elizabeth D},
  journal={USDA Forest Service Research Paper},
  pages={1},
  year={2001},
  publisher={USDA Forest Service Rocky Mountain Research Station}
}

@article{Knight-1993,
doi	= {10.1071/wf9930073},
title	= {A Fire Perimeter Expansion Algorithm-Based on Huygens Wavelet Propagation},
author	= {Knight, I; Coleman, J},
publisher	= {Commonwealth Scientific and Industrial Research Organisation Publishing},
journal	= {International Journal of Wildland Fire},
issnp	= {1049-8001},
year	= {1993},
volume	= {3},
issue	= {2},
page	= {73--},
url =       {http://gen.lib.rus.ec/scimag/index.php?s=10.1071/wf9930073},
}

@book{finney1998farsite,
  title={FARSITE, Fire Area Simulator--model development and evaluation},
  author={Finney, Mark A},
  volume={3},
  year={1998},
  publisher={US Department of Agriculture, Forest Service, Rocky Mountain Research Station Ogden, UT}
}

@article{tymstra2010development,
  title={Development and structure of Prometheus: the Canadian wildland fire growth simulation model},
  author={Tymstra, C and Bryce, RW and Wotton, BM and Taylor, SW and Armitage, OB and others},
  journal={Natural Resources Canada, Canadian Forest Service, Northern Forestry Centre, Information Report NOR-X-417.(Edmonton, AB)},
  year={2010}
}

@article{finney2011simulation,
  title={A simulation of probabilistic wildfire risk components for the continental United States},
  author={Finney, Mark A and McHugh, Charles W and Grenfell, Isaac C and Riley, Karin L and Short, Karen C},
  journal={Stochastic Environmental Research and Risk Assessment},
  volume={25},
  number={7},
  pages={973--1000},
  year={2011},
  publisher={Springer}
}

@article{finney2002fire,
  title={Fire growth using minimum travel time methods},
  author={Finney, Mark A},
  journal={Canadian Journal of Forest Research},
  volume={32},
  number={8},
  pages={1420--1424},
  year={2002},
  publisher={NRC Research Press}
}

@article{calkin2010wildfire,
  title={Wildfire risk and hazard: procedures for the first approximation},
  author={Calkin, David E and Ager, Alan A and Gilbertson-Day, Julie},
  year={2010}
}

@article{mchugh2006considerations,
  title={Considerations in the use of models available for fuel treatment analysis},
  author={McHugh, Charles W},
  year={2006},
  publisher={Citeseer}
}

@article{varner2009fuels,
  title={Fuels treatments and fire models: errors and corrections},
  author={Varner, J Morgan and Keyes, Christopher R},
  journal={Fire Management Today},
  year={2009}
}

@article{cruz2010assessing,
  title={Assessing crown fire potential in coniferous forests of western North America: a critique of current approaches and recent simulation studies},
  author={Cruz, Miguel G and Alexander, Martin E},
  journal={International Journal of Wildland Fire},
  volume={19},
  number={4},
  pages={377--398},
  year={2010},
  publisher={CSIRO}
}

@article{mell2010wildland,
  title={The wildland--urban interface fire problem--current approaches and research needs},
  author={Mell, William E and Manzello, Samuel L and Maranghides, Alexander and Butry, David and Rehm, Ronald G},
  journal={International Journal of Wildland Fire},
  volume={19},
  number={2},
  pages={238--251},
  year={2010},
  publisher={CSIRO}
}

@article{ward1999development,
  title={The Development and Implementation of Forest Fire Management Decision Support Systems in Ontario, Canada1},
  author={Ward, Paul C},
  journal={Fire Economics, Planning, and Policy: Bottom Lines},
  pages={131},
  year={1999}
}

// 03
@article{butler2010tree,
  title={Tree injury and mortality in fires: developing process-based models},
  author={Butler, Bret W and Dickinson, Matthew B},
  year={2010}
}

@article{kavanagh2010way,
  title={A way forward for fire-caused tree mortality prediction: modeling a physiological consequence of fire},
  author={Kavanagh, Kathleen L and Dickinson, Matthew B and Bova, Anthony S and others},
  journal={Fire Ecology},
  volume={6},
  number={1},
  pages={80--94},
  year={2010}
}

@article{massman2010advancing,
  title={Advancing investigation and physical modeling of first-order fire effects on soils},
  author={Massman, William J and Frank, John M and Mooney, Sacha J},
  year={2010}
}

@article{reinhardt2010first,
  title={First-order fire effects models for land management: overview and issues},
  author={Reinhardt, Elizabeth D and Dickinson, Matthew B},
  year={2010}
}

@article{stephan2010first,
  title={First-order fire effects on herbs and shrubs: present knowledge and process modeling needs},
  author={Stephan, Kirsten and Miller, Melanie and Dickinson, Matthew B},
  year={2010}
}

@article{Larkin-2009,
//doi	= {10.1071/wf07086},
title	= {The BlueSky smoke modeling framework},
author	= {Larkin, Narasimhan K. and O'Neill, Susan M. and Solomon, Robert and Raffuse, Sean and Strand, Tara and Sullivan, Dana C. and Krull, Candace and Rorig, Miriam and Peterson, Janice and Ferguson, Sue A.},
publisher	= {Commonwealth Scientific and Industrial Research Organisation Publishing},
journal	= {International Journal of Wildland Fire},
issnp	= {1049-8001},
year	= {2009},
volume	= {18},
issue	= {8},
page	= {906--},
}

@inproceedings{reinhardt2003using,
  title={Using FOFEM 5.0 to estimate tree mortality, fuel consumption, smoke production and soil heating from wildland fire},
  author={Reinhardt, Elizabeth D},
  booktitle={Proceedings of the 2nd International Wildland Fire Ecology and Fire Management Congress and 5th Symposium on Fire and Forest Meteorology},
  pages={16--20},
  year={2003}
}

@article{robichaud2007predicting,
  title={Predicting postfire erosion and mitigation effectiveness with a web-based probabilistic erosion model},
  author={Robichaud, PR and Elliot, WJ and Pierson, FB and Hall, DE and Moffet, CA},
  journal={Catena},
  volume={71},
  number={2},
  pages={229--241},
  year={2007},
  publisher={Elsevier}
}

@article{ryan1988predicting,
  title={Predicting postfire mortality of seven western conifers},
  author={Ryan, Kevin C and Reinhardt, Elizabeth D},
  journal={Canadian journal of forest research},
  volume={18},
  number={10},
  pages={1291--1297},
  year={1988},
  publisher={NRC Research Press}
}

@article{preisler2000modeling,
  title={Modeling and risk assessment for soil temperatures beneath prescribed forest fires},
  author={Preisler, Haiganoush K and Haase, Sally M and Sackett, Stephen S},
  journal={Environmental and Ecological Statistics},
  volume={7},
  number={3},
  pages={239--254},
  year={2000},
  publisher={Springer}
}

@article{Philip-1969,
doi	= {10.1071/sr9690213},
title	= {Early stages of infiltration in two- and three-dimensional systems},
author	= {Philip, JR},
publisher	= {Commonwealth Scientific and Industrial Research Organisation Publishing},
journal	= {Australian Journal of Soil Research},
issnp	= {0004-9573},
year	= {1969},
volume	= {7},
issue	= {3},
page	= {213--},
url =       {http://gen.lib.rus.ec/scimag/index.php?s=10.1071/sr9690213},
}

@article{hubbert2006prescribed,
  title={Prescribed burning effects on soil physical properties and soil water repellency in a steep chaparral watershed, southern California, USA},
  author={Hubbert, KR and Preisler, HK and Wohlgemuth, PM and Graham, RC and Narog, MG},
  journal={Geoderma},
  volume={130},
  number={3},
  pages={284--298},
  year={2006},
  publisher={Elsevier}
}

@inproceedings{drucker1997improving,
  title={Improving regressors using boosting techniques},
  author={Drucker, Harris},
  booktitle={ICML},
  volume={97},
  pages={107--115},
  year={1997}
}

@article{scikit-learn,
 title={Scikit-learn: Machine Learning in {P}ython},
 author={Pedregosa, F. and Varoquaux, G. and Gramfort, A. and Michel, V.
         and Thirion, B. and Grisel, O. and Blondel, M. and Prettenhofer, P.
         and Weiss, R. and Dubourg, V. and Vanderplas, J. and Passos, A. and
         Cournapeau, D. and Brucher, M. and Perrot, M. and Duchesnay, E.},
 journal={Journal of Machine Learning Research},
 volume={12},
 pages={2825--2830},
 year={2011}
}

@article{seal1967studies,
  title={Studies in the History of Probability and Statistics. XV The historical development of the Gauss linear model},
  author={Seal, Hilary L},
  journal={Biometrika},
  volume={54},
  number={1-2},
  pages={1--24},
  year={1967},
  publisher={Oxford University Press}
}

@misc{breimanolshen,
  title={Classification and Regression Trees},
  author={Breiman, Friedman and Friedman, J},
  year={1984}
  publisher={Wadsworth}
}

@Article{Cortes1995,
author="Cortes, Corinna
and Vapnik, Vladimir",
title="Support-vector networks",
journal="Machine Learning",
year="1995",
month="Sep",
day="01",
volume="20",
number="3",
pages="273--297",
abstract="Thesupport-vector network is a new learning machine for two-group classification problems. The machine conceptually implements the following idea: input vectors are non-linearly mapped to a very high-dimension feature space. In this feature space a linear decision surface is constructed. Special properties of the decision surface ensures high generalization ability of the learning machine. The idea behind the support-vector network was previously implemented for the restricted case where the training data can be separated without errors. We here extend this result to non-separable training data.",
issn="1573-0565",
doi="10.1007/BF00994018",
url="https://doi.org/10.1007/BF00994018"
}

@article{rumelhart1986learning,
  title={Learning representations by back-propagating errors},
  author={Rumelhart, David E and Hinton, Geoffrey E and Williams, Ronald J},
  journal={nature},
  volume={323},
  number={6088},
  pages={533},
  year={1986},
  publisher={Nature Publishing Group}
}

@article{breiman1996bagging,
  title={Bagging predictors},
  author={Breiman, Leo},
  journal={Machine learning},
  volume={24},
  number={2},
  pages={123--140},
  year={1996},
  publisher={Springer}
}

@article{breiman2001random,
  title={Random forests},
  author={Breiman, Leo},
  journal={Machine learning},
  volume={45},
  number={1},
  pages={5--32},
  year={2001},
  publisher={Springer}
}

@article{freund1997decision,
  title={A decision-theoretic generalization of on-line learning and an application to boosting},
  author={Freund, Yoav and Schapire, Robert E},
  journal={Journal of computer and system sciences},
  volume={55},
  number={1},
  pages={119--139},
  year={1997},
  publisher={Elsevier}
}

@article{friedman2001greedy,
  title={Greedy function approximation: a gradient boosting machine},
  author={Friedman, Jerome H},
  journal={Annals of statistics},
  pages={1189--1232},
  year={2001},
  publisher={JSTOR}
}

@article{geurts2006extremely,
  title={Extremely randomized trees},
  author={Geurts, Pierre and Ernst, Damien and Wehenkel, Louis},
  journal={Machine learning},
  volume={63},
  number={1},
  pages={3--42},
  year={2006},
  publisher={Springer}
}